
    <marc:record>
        <marc:leader>01370nam a2200301 c 4500</marc:leader>
        <marc:controlfield tag="001">999920138303502202</marc:controlfield>
        <marc:controlfield tag="005">20230601152025.0</marc:controlfield>
        <marc:controlfield tag="007">ta</marc:controlfield>
        <marc:controlfield tag="008">210607s2021    bu     e |||||000 1 bul  </marc:controlfield>
        <marc:datafield tag="020" ind1=" " ind2=" ">
            <marc:subfield code="a">978-954-357-491-9</marc:subfield>
            <marc:subfield code="q">heftet</marc:subfield>
        </marc:datafield>
        <marc:datafield tag="041" ind1="1" ind2=" ">
            <marc:subfield code="a">bul</marc:subfield>
            <marc:subfield code="h">nob</marc:subfield>
        </marc:datafield>
        <marc:datafield tag="082" ind1="0" ind2="4">
            <marc:subfield code="a">839.8238</marc:subfield>
            <marc:subfield code="2">23/nor</marc:subfield>
            <marc:subfield code="q">NO-OsNB</marc:subfield>
        </marc:datafield>
        <marc:datafield tag="100" ind1="1" ind2=" ">
            <marc:subfield code="a">Nesbø, Jo</marc:subfield>
            <marc:subfield code="d">1960-</marc:subfield>
            <marc:subfield code="0">(NO-TrBIB)90356569</marc:subfield>
            <marc:subfield code="1">http://viaf.org/viaf/44460209</marc:subfield>
            <marc:subfield code="4">http://rdaregistry.info/Elements/w/object/P10061</marc:subfield>
        </marc:datafield>
        <marc:datafield tag="240" ind1="1" ind2=" ">
            <marc:subfield code="a">Kongeriket</marc:subfield>
            <marc:subfield code="1">http://viaf.org/viaf/7269159941690125440003</marc:subfield>
            <marc:subfield code="l">Bulgarsk</marc:subfield>
        </marc:datafield>
        <marc:datafield tag="245" ind1="1" ind2="0">
            <marc:subfield code="6">880-01</marc:subfield>
            <marc:subfield code="a">Kralstvoto</marc:subfield>
            <marc:subfield code="c">Ju Nesb'o</marc:subfield>
        </marc:datafield>
        <marc:datafield tag="250" ind1=" " ind2=" ">
            <marc:subfield code="a">I izdanie</marc:subfield>
        </marc:datafield>
        <marc:datafield tag="264" ind1=" " ind2="1">
            <marc:subfield code="a">[Sofija]</marc:subfield>
            <marc:subfield code="b">IK &quot;EMAS&quot;</marc:subfield>
            <marc:subfield code="c">[2021]</marc:subfield>
        </marc:datafield>
        <marc:datafield tag="300" ind1=" " ind2=" ">
            <marc:subfield code="a">612 sider</marc:subfield>
            <marc:subfield code="c">20 cm</marc:subfield>
        </marc:datafield>
        <marc:datafield tag="336" ind1=" " ind2=" ">
            <marc:subfield code="a">tekst</marc:subfield>
            <marc:subfield code="0">http://rdaregistry.info/termList/RDAContentType/1020</marc:subfield>
            <marc:subfield code="2">rdaco</marc:subfield>
        </marc:datafield>
        <marc:datafield tag="337" ind1=" " ind2=" ">
            <marc:subfield code="a">uformidlet</marc:subfield>
            <marc:subfield code="0">http://rdaregistry.info/termList/RDAMediaType/1007</marc:subfield>
            <marc:subfield code="2">rdamt</marc:subfield>
        </marc:datafield>
        <marc:datafield tag="338" ind1=" " ind2=" ">
            <marc:subfield code="a">bind</marc:subfield>
            <marc:subfield code="0">http://rdaregistry.info/termList/RDACarrierType/1049</marc:subfield>
            <marc:subfield code="2">rdact</marc:subfield>
        </marc:datafield>
        <marc:datafield tag="490" ind1="1" ind2=" ">
            <marc:subfield code="a">Kriminale</marc:subfield>
            <marc:subfield code="v">49</marc:subfield>
        </marc:datafield>
        <marc:datafield tag="536" ind1=" " ind2=" ">
            <marc:subfield code="a">NORLA</marc:subfield>
        </marc:datafield>
        <marc:datafield tag="700" ind1="1" ind2=" ">
            <marc:subfield code="a">Kŭneva, Eva</marc:subfield>
            <marc:subfield code="d">1985-</marc:subfield>
            <marc:subfield code="0">(NO-TrBIB)10039674</marc:subfield>
            <marc:subfield code="1">http://viaf.org/viaf/3149365923185600853</marc:subfield>
            <marc:subfield code="4">http://rdaregistry.info/Elements/e/object/P20037</marc:subfield>
        </marc:datafield>
        <marc:datafield tag="700" ind1="1" ind2=" ">
            <marc:subfield code="a">Nesbø, Jo</marc:subfield>
            <marc:subfield code="d">1960-</marc:subfield>
            <marc:subfield code="1">http://viaf.org/viaf/7269159941690125440003</marc:subfield>
            <marc:subfield code="t">Kongeriket</marc:subfield>
            <marc:subfield code="l">Bulgarsk</marc:subfield>
            <marc:subfield code="0">(NO-TrBIB)90356569</marc:subfield>
        </marc:datafield>
        <marc:datafield tag="700" ind1="1" ind2=" ">
            <marc:subfield code="i">Oversettelse av:</marc:subfield>
            <marc:subfield code="a">Nesbø, Jo</marc:subfield>
            <marc:subfield code="d">1960-</marc:subfield>
            <marc:subfield code="t">Kongeriket</marc:subfield>
            <marc:subfield code="l">Norsk</marc:subfield>
            <marc:subfield code="0">(NO-TrBIB)90356569</marc:subfield>
        </marc:datafield>
        <marc:datafield tag="765" ind1="0" ind2=" ">
            <marc:subfield code="t">Kongeriket</marc:subfield>
            <marc:subfield code="w">999921099234502201</marc:subfield>
            <marc:subfield code="z">9788203268656</marc:subfield>
        </marc:datafield>
        <marc:datafield tag="830" ind1=" " ind2="0">
            <marc:subfield code="a">Kriminale</marc:subfield>
            <marc:subfield code="v">49</marc:subfield>
        </marc:datafield>
    </marc:record>