
    <marc:record>
        <marc:leader>02185cam a2200397 c 4500</marc:leader>
        <marc:controlfield tag="001">990713788714702202</marc:controlfield>
        <marc:controlfield tag="005">20230531164934.0</marc:controlfield>
        <marc:controlfield tag="007">cr||||||||||||</marc:controlfield>
        <marc:controlfield tag="007">ta</marc:controlfield>
        <marc:controlfield tag="008">150702s2007    no ||||j |||||000|f|nob| </marc:controlfield>
        <marc:datafield tag="020" ind1=" " ind2=" ">
            <marc:subfield code="a">978-82-03-24960-0</marc:subfield>
            <marc:subfield code="q">ib.</marc:subfield>
            <marc:subfield code="c">Nkr 249.00</marc:subfield>
            <marc:subfield code="q">Aschehoug</marc:subfield>
        </marc:datafield>
        <marc:datafield tag="020" ind1=" " ind2=" ">
            <marc:subfield code="a">978-82-525-6676-5</marc:subfield>
            <marc:subfield code="z">9788052566765</marc:subfield>
            <marc:subfield code="q">ib.</marc:subfield>
            <marc:subfield code="q">Bokklubben</marc:subfield>
        </marc:datafield>
        <marc:datafield tag="080" ind1=" " ind2=" ">
            <marc:subfield code="a">839.6</marc:subfield>
        </marc:datafield>
        <marc:datafield tag="082" ind1="7" ind2="4">
            <marc:subfield code="a">839.823</marc:subfield>
            <marc:subfield code="q">NO-OsNB</marc:subfield>
            <marc:subfield code="2">5/nor</marc:subfield>
        </marc:datafield>
        <marc:datafield tag="100" ind1="1" ind2=" ">
            <marc:subfield code="a">Nesbø, Jo</marc:subfield>
            <marc:subfield code="d">1960-</marc:subfield>
            <marc:subfield code="0">(NO-TrBIB)90356569</marc:subfield>
            <marc:subfield code="1">http://viaf.org/viaf/44460209</marc:subfield>
            <marc:subfield code="4">http://rdaregistry.info/Elements/w/object/P10061</marc:subfield>
        </marc:datafield>
        <marc:datafield tag="240" ind1="1" ind2="0">
            <marc:subfield code="a">Doktor Proktors prompepulver</marc:subfield>
            <marc:subfield code="1">http://viaf.org/viaf/312386681</marc:subfield>
        </marc:datafield>
        <marc:datafield tag="245" ind1="1" ind2="0">
            <marc:subfield code="a">Doktor Proktors prompepulver</marc:subfield>
            <marc:subfield code="c">Jo Nesbø ; tegninger av Per Dybvig</marc:subfield>
        </marc:datafield>
        <marc:datafield tag="260" ind1=" " ind2=" ">
            <marc:subfield code="a">Oslo</marc:subfield>
            <marc:subfield code="b">Aschehoug</marc:subfield>
            <marc:subfield code="c">2007</marc:subfield>
        </marc:datafield>
        <marc:datafield tag="300" ind1=" " ind2=" ">
            <marc:subfield code="a">205 s.</marc:subfield>
            <marc:subfield code="b">ill.</marc:subfield>
        </marc:datafield>
        <marc:datafield tag="336" ind1=" " ind2=" ">
            <marc:subfield code="a">text</marc:subfield>
            <marc:subfield code="2">rdacontent</marc:subfield>
            <marc:subfield code="0">http://rdaregistry.info/termList/RDAContentType/1020</marc:subfield>
        </marc:datafield>
        <marc:datafield tag="337" ind1=" " ind2=" ">
            <marc:subfield code="a">unmediated</marc:subfield>
            <marc:subfield code="2">rdamedia</marc:subfield>
            <marc:subfield code="0">http://rdaregistry.info/termList/RDAMediaType/1007</marc:subfield>
        </marc:datafield>
        <marc:datafield tag="338" ind1=" " ind2=" ">
            <marc:subfield code="a">volume</marc:subfield>
            <marc:subfield code="2">rdacarrier</marc:subfield>
            <marc:subfield code="0">http://rdaregistry.info/termList/RDACarrierType/1049</marc:subfield>
        </marc:datafield>
        <marc:datafield tag="500" ind1=" " ind2=" ">
            <marc:subfield code="a">15. oppl. med 222 s. og tallet 1 på ryggen</marc:subfield>
        </marc:datafield>
        <marc:datafield tag="500" ind1=" " ind2=" ">
            <marc:subfield code="a">Opplagshistorikk: 3.-4. oppl. 2007; 15. oppl. 2012</marc:subfield>
        </marc:datafield>
        <marc:datafield tag="700" ind1="1" ind2=" ">
            <marc:subfield code="a">Dybvig, Per</marc:subfield>
            <marc:subfield code="d">1964-</marc:subfield>
            <marc:subfield code="e">illustr.</marc:subfield>
            <marc:subfield code="0">(NO-TrBIB)90612202</marc:subfield>
            <marc:subfield code="1">http://viaf.org/viaf/10543719</marc:subfield>
            <marc:subfield code="4">http://rdaregistry.info/Elements/e/object/P20051</marc:subfield>
        </marc:datafield>
        <marc:datafield tag="767" ind1="0" ind2=" ">
            <marc:subfield code="6">880-01</marc:subfield>
            <marc:subfield code="t">Pukal'nyj porošok doktora Proktora</marc:subfield>
            <marc:subfield code="w">999921928868302201</marc:subfield>
            <marc:subfield code="z">978-966-10-6280-0</marc:subfield>
        </marc:datafield>
        <marc:datafield tag="767" ind1="0" ind2=" ">
            <marc:subfield code="a">Nesbø, Jo</marc:subfield>
            <marc:subfield code="t">Doktor Proktor a prdicí prášek</marc:subfield>
            <marc:subfield code="w">991209060314702201</marc:subfield>
        </marc:datafield>
        <marc:datafield tag="767" ind1="0" ind2=" ">
            <marc:subfield code="a">Nesbø, Jo</marc:subfield>
            <marc:subfield code="t">Doktor Proktor i ego volšebnyj porošok</marc:subfield>
            <marc:subfield code="w">991328231794702201</marc:subfield>
        </marc:datafield>
        <marc:datafield tag="767" ind1="0" ind2=" ">
            <marc:subfield code="a">Nesbø, Jo</marc:subfield>
            <marc:subfield code="t">Doktor Proktor pukipora</marc:subfield>
            <marc:subfield code="w">991220224834702201</marc:subfield>
        </marc:datafield>
        <marc:datafield tag="767" ind1="0" ind2=" ">
            <marc:subfield code="a">Nesbø, Jo</marc:subfield>
            <marc:subfield code="t">Doktor Proktori puuksupulber</marc:subfield>
            <marc:subfield code="w">991403539924702201</marc:subfield>
        </marc:datafield>
        <marc:datafield tag="767" ind1="0" ind2=" ">
            <marc:subfield code="a">Nesbø, Jo</marc:subfield>
            <marc:subfield code="t">Doktor Proktors Pupspulver</marc:subfield>
            <marc:subfield code="b">Sonderausg.</marc:subfield>
            <marc:subfield code="w">991443688974702201</marc:subfield>
        </marc:datafield>
        <marc:datafield tag="767" ind1="0" ind2=" ">
            <marc:subfield code="a">Nesbø, Jo</marc:subfield>
            <marc:subfield code="t">El doctor Proctor i les pólvores tirapets</marc:subfield>
            <marc:subfield code="w">991313265704702201</marc:subfield>
        </marc:datafield>
        <marc:datafield tag="767" ind1="0" ind2=" ">
            <marc:subfield code="a">Nesbø, Jo</marc:subfield>
            <marc:subfield code="t">El doctor Proctor y los polvos tirapedos</marc:subfield>
            <marc:subfield code="w">991313264734702201</marc:subfield>
        </marc:datafield>
        <marc:datafield tag="767" ind1="0" ind2=" ">
            <marc:subfield code="a">Nesbø, Jo</marc:subfield>
            <marc:subfield code="t">Prdoprašek doktorja Proktorja</marc:subfield>
            <marc:subfield code="w">991420436724702201</marc:subfield>
        </marc:datafield>
        <marc:datafield tag="767" ind1="0" ind2=" ">
            <marc:subfield code="a">Nesbø, Jo</marc:subfield>
            <marc:subfield code="t">Prŭc-prachŭt na doktor Proktor</marc:subfield>
            <marc:subfield code="w">991328237994702201</marc:subfield>
        </marc:datafield>
        <marc:datafield tag="767" ind1="0" ind2=" ">
            <marc:subfield code="a">Nesbø, Jo</marc:subfield>
            <marc:subfield code="t">Tohtori Proktorin :</marc:subfield>
            <marc:subfield code="w">999920411991502201</marc:subfield>
        </marc:datafield>
    </marc:record>