
    <marc:record>
        <marc:leader>01240cim a2200241 c 4500</marc:leader>
        <marc:controlfield tag="001">990717366204702202</marc:controlfield>
        <marc:controlfield tag="005">20230313134242.0</marc:controlfield>
        <marc:controlfield tag="007">cz|nza||||||||</marc:controlfield>
        <marc:controlfield tag="007">sz z|nznnnzne|</marc:controlfield>
        <marc:controlfield tag="008">110826s2007    no#||||js||||||f#|||nob| </marc:controlfield>
        <marc:datafield tag="020" ind1=" " ind2=" ">
            <marc:subfield code="a">9788242123862</marc:subfield>
            <marc:subfield code="c">Nkr 299.00</marc:subfield>
        </marc:datafield>
        <marc:datafield tag="082" ind1="7" ind2="4">
            <marc:subfield code="a">839.823</marc:subfield>
            <marc:subfield code="q">NO-OsNB</marc:subfield>
            <marc:subfield code="2">5/nor</marc:subfield>
        </marc:datafield>
        <marc:datafield tag="100" ind1="1" ind2=" ">
            <marc:subfield code="a">Nesbø, Jo</marc:subfield>
            <marc:subfield code="d">1960-</marc:subfield>
            <marc:subfield code="0">(NO-TrBIB)90356569</marc:subfield>
            <marc:subfield code="1">http://viaf.org/viaf/44460209</marc:subfield>
            <marc:subfield code="4">http://rdaregistry.info/Elements/w/object/P10061</marc:subfield>
        </marc:datafield>
        <marc:datafield tag="240" ind1="1" ind2="0">
            <marc:subfield code="a">Doktor Proktors prompepulver</marc:subfield>
            <marc:subfield code="1">http://viaf.org/viaf/312386681</marc:subfield>
        </marc:datafield>
        <marc:datafield tag="245" ind1="1" ind2="0">
            <marc:subfield code="a">Doktor Proktors prompepulver</marc:subfield>
            <marc:subfield code="c">Jo Nesbø</marc:subfield>
            <marc:subfield code="h">[lydopptak]</marc:subfield>
        </marc:datafield>
        <marc:datafield tag="260" ind1=" " ind2=" ">
            <marc:subfield code="a">[Melhus]</marc:subfield>
            <marc:subfield code="b">Lydbokforl.</marc:subfield>
            <marc:subfield code="c">2007</marc:subfield>
        </marc:datafield>
        <marc:datafield tag="300" ind1=" " ind2=" ">
            <marc:subfield code="a">1 avspiller med lydfil (3 t, 6 min)</marc:subfield>
            <marc:subfield code="b">digital</marc:subfield>
            <marc:subfield code="e">øretelefoner, brukermanual, bæresnor, batterier</marc:subfield>
        </marc:datafield>
        <marc:datafield tag="336" ind1=" " ind2=" ">
            <marc:subfield code="a">spoken word</marc:subfield>
            <marc:subfield code="2">rdacontent</marc:subfield>
            <marc:subfield code="0">http://rdaregistry.info/termList/RDAContentType/1013</marc:subfield>
        </marc:datafield>
        <marc:datafield tag="337" ind1=" " ind2=" ">
            <marc:subfield code="a">audio</marc:subfield>
            <marc:subfield code="2">rdamedia</marc:subfield>
            <marc:subfield code="0">http://rdaregistry.info/termList/RDAMediaType/1001</marc:subfield>
        </marc:datafield>
        <marc:datafield tag="338" ind1=" " ind2=" ">
            <marc:subfield code="a">audio cartridge</marc:subfield>
            <marc:subfield code="2">rdacarrier</marc:subfield>
            <marc:subfield code="0">http://rdaregistry.info/termList/RDACarrierType/1002</marc:subfield>
        </marc:datafield>
        <marc:datafield tag="500" ind1=" " ind2=" ">
            <marc:subfield code="a">Digital lydbok med integrert avspilling (digibok)</marc:subfield>
        </marc:datafield>
        <marc:datafield tag="500" ind1=" " ind2=" ">
            <marc:subfield code="a">Lest av Ivar Nergaard</marc:subfield>
        </marc:datafield>
        <marc:datafield tag="700" ind1="1" ind2=" ">
            <marc:subfield code="a">Nergaard, Ivar</marc:subfield>
            <marc:subfield code="d">1964-</marc:subfield>
            <marc:subfield code="e">medarb.</marc:subfield>
            <marc:subfield code="0">(NO-TrBIB)5015263</marc:subfield>
            <marc:subfield code="1">http://viaf.org/viaf/226490849</marc:subfield>
            <marc:subfield code="4">http://rdaregistry.info/Elements/e/object/P20378</marc:subfield>
        </marc:datafield>
    </marc:record>